<record><leader>00000cas a22000007a 4500</leader><controlfield tag="001">25574940</controlfield><controlfield tag="008">920402d19231936wyucr ne      0    0eng d</controlfield><datafield ind1=" " ind2=" " tag="010"><subfield code="a">sn 92066989 </subfield></datafield><datafield ind1=" " ind2=" " tag="040"><subfield code="a">NVO</subfield><subfield code="b">eng</subfield><subfield code="c">NVO</subfield><subfield code="d">OCLCQ</subfield></datafield><datafield ind1=" " ind2=" " tag="042"><subfield code="a">msc</subfield></datafield><datafield ind1="0" ind2=" " tag="130"><subfield code="a">Laramie Republican and the Laramie boomerang (Laramie, Wyo. : 1923 : Semiweekly)</subfield></datafield><datafield ind1="1" ind2="4" tag="245"><subfield code="a">The Laramie Republican and the Laramie boomerang.</subfield></datafield><datafield ind1="1" ind2="7" tag="246"><subfield code="a">Laramie Republican-boomerang</subfield></datafield><datafield ind1=" " ind2=" " tag="250"><subfield code="a">Semiweekly ed.</subfield></datafield><datafield ind1=" " ind2=" " tag="260"><subfield code="a">Laramie, Wyo. :</subfield><subfield code="b">Republican Pub. Co.</subfield></datafield><datafield ind1=" " ind2=" " tag="300"><subfield code="a">v.</subfield></datafield><datafield ind1=" " ind2=" " tag="310"><subfield code="a">Semiweekly</subfield></datafield><datafield ind1="0" ind2=" " tag="362"><subfield code="a">Vol. 34, no. 16 (Oct. 3, 1923)-v. 47, no. 61 (Apr. 28, 1928).</subfield></datafield><datafield ind1=" " ind2=" " tag="515"><subfield code="a">Also continues numbering of Laramie Republican.</subfield></datafield><datafield ind1=" " ind2=" " tag="580"><subfield code="a">Daily ed.: Laramie Republican and the Laramie boomerang, Oct. 1923-Apr. 1928.</subfield></datafield><datafield ind1=" " ind2="4" tag="651"><subfield code="a">Laramie (Wyo.)</subfield><subfield code="v">Newspapers.</subfield></datafield><datafield ind1=" " ind2="4" tag="651"><subfield code="a">Albany County (Wyo.)</subfield><subfield code="v">Newspapers.</subfield></datafield><datafield ind1=" " ind2=" " tag="752"><subfield code="a">United States</subfield><subfield code="b">Wyoming</subfield><subfield code="c">Albany</subfield><subfield code="d">Laramie.</subfield></datafield><datafield ind1="1" ind2=" " tag="775"><subfield code="t">Laramie Republican and the Laramie boomerang (Laramie, Wyo. : 1923 : Daily)</subfield><subfield code="w">(DLC)sn 86072185</subfield></datafield><datafield ind1="0" ind2="4" tag="780"><subfield code="t">Laramie Republican (Laramie, Wyo. : 1908)</subfield><subfield code="w">(DLC)sn 92066981</subfield></datafield><datafield ind1="0" ind2="4" tag="780"><subfield code="t">Daily boomerang (Laramie, Wyo. : 1921 : Semiweekly)</subfield><subfield code="w">(DLC)sn 92066996</subfield></datafield><datafield ind1="0" ind2="0" tag="785"><subfield code="t">Laramie Republican-boomerang (Laramie, Wyo. : 1928 : Semiweekly)</subfield><subfield code="w">(DLC)sn 92066990</subfield></datafield><datafield ind1="1" ind2=" " tag="029"><subfield code="a">AU@</subfield><subfield code="b">000020705800</subfield></datafield></record>